<record xmlns="http://www.loc.gov/MARC21/slim">
   <leader>05016nam a2200541 i 4500</leader>
   <controlfield tag="001">6742013</controlfield>
   <controlfield tag="005">20141120142407.0</controlfield>
   <controlfield tag="006">m    eo  d        </controlfield>
   <controlfield tag="007">cr cn |||m|||a</controlfield>
   <controlfield tag="008">141119s2015    caua   foab   000 0 eng d</controlfield>
   <datafield ind1=" " ind2=" " tag="020">
      <subfield code="a">9781627052603</subfield>
      <subfield code="q">ebook</subfield>
   </datafield>
   <datafield ind1=" " ind2=" " tag="020">
      <subfield code="z">9781627052597</subfield>
      <subfield code="q">print</subfield>
   </datafield>
   <datafield ind1="7" ind2=" " tag="024">
      <subfield code="a">10.2200/S00593ED1V01Y201408HCI023</subfield>
      <subfield code="2">doi</subfield>
   </datafield>
   <datafield ind1=" " ind2=" " tag="035">
      <subfield code="a">ocn896432029</subfield>
   </datafield>
   <datafield ind1=" " ind2=" " tag="039">
      <subfield code="a">exclude</subfield>
   </datafield>
   <datafield ind1=" " ind2=" " tag="040">
      <subfield code="a">CaBNVSL</subfield>
      <subfield code="b">eng</subfield>
      <subfield code="e">rda</subfield>
      <subfield code="c">CaBNVSL</subfield>
      <subfield code="d">CaBNVSL</subfield>
      <subfield code="d">AEU</subfield>
   </datafield>
   <datafield ind1=" " ind2="4" tag="050">
      <subfield code="a">QA76.9.H85</subfield>
      <subfield code="b">S463 2015</subfield>
   </datafield>
   <datafield ind1="0" ind2="4" tag="082">
      <subfield code="a">004.019</subfield>
      <subfield code="2">23</subfield>
   </datafield>
   <datafield ind1=" " ind2=" " tag="090">
      <subfield code="a">Internet Access</subfield>
      <subfield code="b">AEU</subfield>
   </datafield>
   <datafield ind1="1" ind2=" " tag="100">
      <subfield code="a">Selvin, Al.,</subfield>
      <subfield code="e">author.</subfield>
   </datafield>
   <datafield ind1="1" ind2="0" tag="245">
      <subfield code="a">Constructing knowledge art :</subfield>
      <subfield code="b">an experiential perspective on crafting participatory representations /</subfield>
      <subfield code="c">Al Selvin, Simon Buckingham Shum.</subfield>
   </datafield>
   <datafield ind1=" " ind2="1" tag="264">
      <subfield code="a">San Rafael, California (1537 Fourth Street, San Rafael, CA  94901 USA) :</subfield>
      <subfield code="b">Morgan &amp; Claypool,</subfield>
      <subfield code="c">2015.</subfield>
   </datafield>
   <datafield ind1=" " ind2=" " tag="300">
      <subfield code="a">1 online resource (xi, 107 pages) :</subfield>
      <subfield code="b">illustrations.</subfield>
   </datafield>
   <datafield ind1=" " ind2=" " tag="336">
      <subfield code="a">text</subfield>
      <subfield code="2">rdacontent</subfield>
   </datafield>
   <datafield ind1=" " ind2=" " tag="337">
      <subfield code="a">electronic</subfield>
      <subfield code="2">isbdmedia</subfield>
   </datafield>
   <datafield ind1=" " ind2=" " tag="338">
      <subfield code="a">online resource</subfield>
      <subfield code="2">rdacarrier</subfield>
   </datafield>
   <datafield ind1="1" ind2=" " tag="490">
      <subfield code="a">Synthesis lectures on human-centered informatics,</subfield>
      <subfield code="x">1946-7699 ;</subfield>
      <subfield code="v"># 23</subfield>
   </datafield>
   <datafield ind1=" " ind2=" " tag="500">
      <subfield code="a">Part of: Synthesis digital library of engineering and computer science.</subfield>
   </datafield>
   <datafield ind1=" " ind2=" " tag="504">
      <subfield code="a">Includes bibliographical references (pages 97-106).</subfield>
   </datafield>
   <datafield ind1="0" ind2=" " tag="505">
      <subfield code="a">1. Introduction --</subfield>
   </datafield>
   <datafield ind1="8" ind2=" " tag="505">
      <subfield code="a">2. Participatory design and representational practice -- 2.1 The role of practitioners -- 2.1.1 Aesthetics and mediating representations in PD -- 2.2 Summary --</subfield>
   </datafield>
   <datafield ind1="8" ind2=" " tag="505">
      <subfield code="a">3. Dimensions of knowledge art -- 3.1 Critical viewpoints on practice research -- 3.2 The experience of participatory practice -- 3.3 An experiential model -- 3.4 Examining the dimensions -- 3.4.1 Aesthetics [p] -- 3.4.2 Ethics [q] -- 3.4.3 Narrative [r] -- 3.4.4 Sensemaking [s] -- 3.4.5 Improvisation [t] -- 3.5 Summary --</subfield>
   </datafield>
   <datafield ind1="8" ind2=" " tag="505">
      <subfield code="a">4. Case studies -- 4.1 Example 1: Tom and Jackie, an improvised educational game -- 4.1.1 Discussion -- 4.2 Example 2: Contingency planning, a participant takes over -- 4.2.1 Discussion -- 4.3 Example 3: Hab crew, collaborative retrieval and authoring -- 4.3.1 Discussion -- 4.4 Example 4: Ames group 4, improvised tacit teamwork between practitioners -- 4.4.1 Discussion -- 4.5 Example 5: Ames group 2 session, when a session veers off course -- 4.5.1 Discussion -- 4.6 Summary -- 4.6.1 Multiple narratives -- 4.6.2 Looking at instances of practice in experiential terms --</subfield>
   </datafield>
   <datafield ind1="8" ind2=" " tag="505">
      <subfield code="a">5. Discussion and conclusions -- 5.1 Fostering engagement and effective PD practice -- 5.2 Learning and education --</subfield>
   </datafield>
   <datafield ind1="8" ind2=" " tag="505">
      <subfield code="a">6. Appendix: Knowledge art analytics -- 6.1 Shaping form -- 6.2 Coherence, engagement, and usefulness (CEU) analysis -- 6.3 Sensemaking episode description -- 6.4 Moves and choices analysis -- 6.5 Framing analysis -- 6.6 Granularity of the different techniques -- 6.7 How the techniques relate to the conceptual framework -- 6.8 Summary --</subfield>
   </datafield>
   <datafield ind1="8" ind2=" " tag="505">
      <subfield code="a">Bibliography -- Author biographies.</subfield>
   </datafield>
   <datafield ind1=" " ind2=" " tag="506">
      <subfield code="a">Access restricted to authorized users and institutions.</subfield>
   </datafield>
   <datafield ind1="3" ind2=" " tag="520">
      <subfield code="a">This book is about how people (we refer to them as practitioners) can help guide participants in creating representations of issues or ideas, such as collaborative diagrams, especially in the context of Participatory Design (PD). At its best, such representations can reach a very high level of expressiveness and usefulness, an ideal we refer to as Knowledge Art. Achieving that level requires effective engagement, often aided by facilitators or other practitioners. Most PD research focuses on tools and methods, or on participant experience. The next source of advantage is to better illuminate the role of practitioners--the people working with participants, tools, and methods in service of a project's larger goals. Just like participants, practitioners experience challenges, interactions, and setbacks, and come up with creative ways to address them while maintaining their stance of service to participants and stakeholders. Our research interest is in understanding what moves and choices practitioners make that either help or hinder participants' engagement with representations. We present a theoretical framework that looks at these choices from the experiential perspectives of narrative, aesthetics, ethics, sensemaking and improvisation and apply it to five diverse case studies of actual practice.</subfield>
   </datafield>
   <datafield ind1=" " ind2=" " tag="588">
      <subfield code="a">Title from PDF title page (viewed on November 19, 2014).</subfield>
   </datafield>
   <datafield ind1=" " ind2=" " tag="596">
      <subfield code="a">44</subfield>
   </datafield>
   <datafield ind1=" " ind2="0" tag="650">
      <subfield code="a">User-centered system design.</subfield>
   </datafield>
   <datafield ind1=" " ind2="0" tag="650">
      <subfield code="a">Knowledge representation (Information theory)</subfield>
   </datafield>
   <datafield ind1="1" ind2=" " tag="700">
      <subfield code="a">Buckingham Shum, Simon J.,</subfield>
      <subfield code="e">author.</subfield>
   </datafield>
   <datafield ind1=" " ind2="0" tag="830">
      <subfield code="a">Synthesis digital library of engineering and computer science.</subfield>
   </datafield>
   <datafield ind1=" " ind2="0" tag="830">
      <subfield code="a">Synthesis lectures on human-centered informatics ;</subfield>
      <subfield code="v"># 23.</subfield>
      <subfield code="x">1946-7699</subfield>
   </datafield>
   <datafield ind1="4" ind2="0" tag="856">
      <subfield code="3">University of Alberta Access</subfield>
      <subfield code="u">http://dx.doi.org/10.2200/S00593ED1V01Y201408HCI023</subfield>
   </datafield>
   <datafield ind1=" " ind2=" " tag="949">
      <subfield code="h">UAIN</subfield>
      <subfield code="z">SYNTHDIG</subfield>
   </datafield>
   <datafield ind1=" " ind2=" " tag="926">
      <subfield code="a">Internet Access</subfield>
      <subfield code="w">LC</subfield>
      <subfield code="c">1</subfield>
      <subfield code="i">6742013-1001</subfield>
      <subfield code="l">INTERNET</subfield>
      <subfield code="m">UAINTERNET</subfield>
      <subfield code="r">Y</subfield>
      <subfield code="s">Y</subfield>
      <subfield code="t">E-RESOURCE</subfield>
      <subfield code="u">11/25/2014</subfield>
      <subfield code="x">E-BOOK</subfield>
      <subfield code="z">SYNTHDIG</subfield>
   </datafield>
</record>
